<marc:record xmlns:marc="http://www.loc.gov/MARC21/slim" xmlns:xsi="http://www.w3.org/2001/XMLSchema-instance" xsi:schemaLocation="http://www.loc.gov/MARC21/slim http://www.loc.gov/standards/marcxml/schema/MARC21slim.xsd">
  <marc:leader>     cam a2200229   45M</marc:leader>
  <marc:controlfield tag="001">001897910</marc:controlfield>
  <marc:controlfield tag="003">NNU</marc:controlfield>
  <marc:controlfield tag="005">19940713181853.0</marc:controlfield>
  <marc:controlfield tag="008">901022s1960    sy            000 1 ararc</marc:controlfield>
  <marc:datafield tag="010" ind1=" " ind2=" ">
    <marc:subfield code="a">ne 65000812</marc:subfield>
  </marc:datafield>
  <marc:datafield tag="035" ind1="9" ind2=" ">
    <marc:subfield code="a">NYUb10839798</marc:subfield>
  </marc:datafield>
  <marc:datafield tag="035" ind1=" " ind2=" ">
    <marc:subfield code="a">(CStRLIN)NYUG90-B44359</marc:subfield>
  </marc:datafield>
  <marc:datafield tag="035" ind1=" " ind2=" ">
    <marc:subfield code="a">GLIS008397988</marc:subfield>
  </marc:datafield>
  <marc:datafield tag="040" ind1=" " ind2=" ">
    <marc:subfield code="a">Princeton Univ. Libr.</marc:subfield>
    <marc:subfield code="c">NNU</marc:subfield>
    <marc:subfield code="d">NNU</marc:subfield>
  </marc:datafield>
  <marc:datafield tag="090" ind1=" " ind2=" ">
    <marc:subfield code="i">06/04/92 T</marc:subfield>
    <marc:subfield code="h">10/22/90 CT</marc:subfield>
  </marc:datafield>
  <marc:datafield tag="100" ind1="1" ind2=" ">
    <marc:subfield code="a">Idlibī, Ulfat.</marc:subfield>
  </marc:datafield>
  <marc:datafield tag="245" ind1="1" ind2="0">
    <marc:subfield code="a">Qiṣaṣ Shāmīyah,</marc:subfield>
    <marc:subfield code="c">bi-qalam Ulfat ʻUmar Bāshā al-Idlibī. Qaddama la-hā Muḥammad Taymūr.</marc:subfield>
  </marc:datafield>
  <marc:datafield tag="260" ind1=" " ind2=" ">
    <marc:subfield code="a">[Dimashq]</marc:subfield>
    <marc:subfield code="b">Dār al-Yaqẓah al-ʻArabīyah lil-Taʼlīf wa-al-Tarjamah wa-al-Nashr bi-Sūrīyah</marc:subfield>
    <marc:subfield code="c">[1960?]</marc:subfield>
  </marc:datafield>
  <marc:datafield tag="300" ind1=" " ind2=" ">
    <marc:subfield code="a">147 p.</marc:subfield>
    <marc:subfield code="c">25 cm.</marc:subfield>
  </marc:datafield>
  <marc:datafield tag="903" ind1=" " ind2=" ">
    <marc:subfield code="a">OLD</marc:subfield>
  </marc:datafield>
  <marc:datafield tag="950" ind1=" " ind2=" ">
    <marc:subfield code="l">BMAIN</marc:subfield>
    <marc:subfield code="a">PJ7810.D58</marc:subfield>
    <marc:subfield code="b">Q57 1960</marc:subfield>
    <marc:subfield code="h">10/22/90 C</marc:subfield>
  </marc:datafield>
  <marc:datafield tag="955" ind1=" " ind2=" ">
    <marc:subfield code="l">BMAIN</marc:subfield>
    <marc:subfield code="c">1</marc:subfield>
    <marc:subfield code="r">015173134</marc:subfield>
    <marc:subfield code="h">10/22/90 C</marc:subfield>
  </marc:datafield>
  <marc:datafield tag="998" ind1=" " ind2=" ">
    <marc:subfield code="a">06/04/92</marc:subfield>
    <marc:subfield code="t">c</marc:subfield>
    <marc:subfield code="s">9114</marc:subfield>
    <marc:subfield code="n">NNU</marc:subfield>
    <marc:subfield code="w">NYUG90B44359</marc:subfield>
    <marc:subfield code="d">10/22/90</marc:subfield>
    <marc:subfield code="c">MG</marc:subfield>
    <marc:subfield code="b">MG</marc:subfield>
    <marc:subfield code="i">920604</marc:subfield>
    <marc:subfield code="h">901022</marc:subfield>
    <marc:subfield code="l">NYUG</marc:subfield>
  </marc:datafield>
</marc:record>
